<?xml version='1.0' encoding='utf-8'?>
<record xmlns="http://www.loc.gov/MARC21/slim" xmlns:xsi="http://www.w3.org/2001/XMLSchema-instance">
  <leader>^^^^^cam^a22002417a^4500</leader>
  <controlfield tag="001">006924074</controlfield>
  <controlfield tag="005">20090923033948.0</controlfield>
  <controlfield tag="008">021120q19uu1999enk^^^^^^^^^^^000^p^eng^d</controlfield>
  <datafield tag="035" ind1=" " ind2=" ">
    <subfield code="a">(OCoLC)223455865</subfield>
  </datafield>
  <datafield tag="035" ind1=" " ind2=" ">
    <subfield code="a">(OCoLC)ocn223455865</subfield>
  </datafield>
  <datafield tag="040" ind1=" " ind2=" ">
    <subfield code="a">AU@</subfield>
    <subfield code="b">eng</subfield>
    <subfield code="c">AU@</subfield>
    <subfield code="d">BEU</subfield>
  </datafield>
  <datafield tag="049" ind1=" " ind2=" ">
    <subfield code="a">BEUA</subfield>
  </datafield>
  <datafield tag="100" ind1="1" ind2=" ">
    <subfield code="a">Clough, Arthur Hugh,</subfield>
    <subfield code="d">1819-1861.</subfield>
  </datafield>
  <datafield tag="245" ind1="1" ind2="4">
    <subfield code="a">The poetical works of Arthur Hugh Clough /</subfield>
    <subfield code="c">with a memoir by Francis Turner Palgrave.</subfield>
  </datafield>
  <datafield tag="246" ind1="1" ind2="3">
    <subfield code="a">Poems of A.H. Clough</subfield>
  </datafield>
  <datafield tag="246" ind1="3" ind2="8">
    <subfield code="a">Clough</subfield>
  </datafield>
  <datafield tag="260" ind1=" " ind2=" ">
    <subfield code="a">London :</subfield>
    <subfield code="b">G. Routledge ;</subfield>
    <subfield code="a">New York :</subfield>
    <subfield code="b">E.P. Dutton,</subfield>
    <subfield code="c">[19--?]</subfield>
  </datafield>
  <datafield tag="300" ind1=" " ind2=" ">
    <subfield code="a">xxiv, 278 p. ;</subfield>
    <subfield code="c">16 cm.</subfield>
  </datafield>
  <datafield tag="440" ind1=" " ind2="0">
    <subfield code="a">Muses' library</subfield>
  </datafield>
  <datafield tag="500" ind1=" " ind2=" ">
    <subfield code="a">"Poems of A.H. Clough" -- p. [i].</subfield>
  </datafield>
  <datafield tag="700" ind1="1" ind2=" ">
    <subfield code="a">Palgrave, Francis Turner,</subfield>
    <subfield code="d">1824-1897.</subfield>
  </datafield>
  <datafield tag="852" ind1="8" ind2=" ">
    <subfield code="a">MiU-H</subfield>
    <subfield code="b">BENT</subfield>
    <subfield code="h">85579 Aa 2 Box 5</subfield>
  </datafield>
  <datafield tag="029" ind1="0" ind2=" ">
    <subfield code="a">AU@</subfield>
    <subfield code="b">000024211978</subfield>
  </datafield>
  <datafield tag="955" ind1=" " ind2=" ">
    <subfield code="b">BENT</subfield>
    <subfield code="p">39015071895036</subfield>
  </datafield>
</record>
